<record><leader>00000cas a2200000 a 4500</leader><controlfield tag="001">11425347</controlfield><controlfield tag="008">841127d19281939cauwr ne      0   a0eng c</controlfield><datafield ind1=" " ind2=" " tag="010"><subfield code="a">sn 84025125 </subfield></datafield><datafield ind1=" " ind2=" " tag="040"><subfield code="a">NPV</subfield><subfield code="b">eng</subfield><subfield code="c">NPV</subfield><subfield code="d">CNK</subfield><subfield code="d">OCLCQ</subfield><subfield code="d">OCLCF</subfield><subfield code="d">OCLCO</subfield></datafield><datafield ind1="1" ind2=" " tag="029"><subfield code="a">AU@</subfield><subfield code="b">000025835569</subfield></datafield><datafield ind1=" " ind2=" " tag="042"><subfield code="a">pcc</subfield></datafield><datafield ind1=" " ind2=" " tag="043"><subfield code="a">n-us-ca</subfield></datafield><datafield ind1="0" ind2="4" tag="245"><subfield code="a">The Herald of Banning, California.</subfield></datafield><datafield ind1=" " ind2=" " tag="260"><subfield code="a">Banning, Riverside County, Calif. :</subfield><subfield code="b">Johnson &amp; Barkow</subfield></datafield><datafield ind1=" " ind2=" " tag="300"><subfield code="a">v.</subfield></datafield><datafield ind1=" " ind2=" " tag="310"><subfield code="a">Weekly</subfield></datafield><datafield ind1="0" ind2=" " tag="362"><subfield code="a">Vol. 1, no. 1 (Jan. 2, 1928)-v. 12, no. 18 (May 1, 1939).</subfield></datafield><datafield ind1=" " ind2="0" tag="651"><subfield code="a">Banning (Calif.)</subfield><subfield code="v">Newspapers.</subfield></datafield><datafield ind1=" " ind2="7" tag="655"><subfield code="a">Newspapers.</subfield><subfield code="2">fast</subfield><subfield code="0">(OCoLC)fst01423814</subfield></datafield><datafield ind1=" " ind2="7" tag="651"><subfield code="a">California</subfield><subfield code="z">Banning.</subfield><subfield code="2">fast</subfield><subfield code="0">(OCoLC)fst01217502</subfield></datafield><datafield ind1=" " ind2=" " tag="752"><subfield code="a">United States</subfield><subfield code="b">California</subfield><subfield code="c">Riverside</subfield><subfield code="d">Banning.</subfield></datafield><datafield ind1="0" ind2=" " tag="775"><subfield code="t">Banning record</subfield><subfield code="w">(DLC)sn 84025124</subfield></datafield><datafield ind1="0" ind2=" " tag="775"><subfield code="t">Banning shopper's guide</subfield><subfield code="w">(DLC)sn2005061008</subfield></datafield><datafield ind1="0" ind2="0" tag="785"><subfield code="t">Herald of Banning</subfield><subfield code="w">(DLC)sn2005061007</subfield></datafield></record>